<collection xmlns="http://www.loc.gov/MARC21/slim">
<record>
  <leader>01128nam0a2200253 i 450 </leader>
  <controlfield tag="001">IT\ICCU\CNCE\077951</controlfield>
  <controlfield tag="005">20140627000000.0</controlfield>
  <datafield tag="012" ind1=" " ind2=" ">
    <subfield code="a">o-so otsi a-ra s-i. (C) 1569 (Q)</subfield>
    <subfield code="2">fei</subfield>
  </datafield>
  <datafield tag="100" ind1=" " ind2=" ">
    <subfield code="a">20130110f1569        0itac0103    ba</subfield>
  </datafield>
  <datafield tag="101" ind1=" " ind2=" ">
    <subfield code="a">ITA</subfield>
  </datafield>
  <datafield tag="102" ind1=" " ind2=" ">
    <subfield code="a">IT</subfield>
  </datafield>
  <datafield tag="200" ind1="1" ind2=" ">
    <subfield code="a">Bando, et legge fatto nuouamente contro a quelli, che incettano grani, et biade. Publicato l&apos;anno. MDLXVI</subfield>
  </datafield>
  <datafield tag="210" ind1=" " ind2=" ">
    <subfield code="a">\Firenze</subfield>
    <subfield code="c">eredi di Lorenzo Torrentino</subfield>
    <subfield code="d">1569?!</subfield>
  </datafield>
  <datafield tag="215" ind1=" " ind2=" ">
    <subfield code="a">\4! c.</subfield>
    <subfield code="d">4ʻ</subfield>
  </datafield>
  <datafield tag="300" ind1=" " ind2=" ">
    <subfield code="a">A c. A4v: Bandito per me Matteo di Domenico Barlachi questo di di MDLXIX in Firenze</subfield>
  </datafield>
  <datafield tag="620" ind1=" " ind2=" ">
    <subfield code="a">IT</subfield>
    <subfield code="d">Firenze</subfield>
  </datafield>
  <datafield tag="710" ind1="0" ind2="2">
    <subfield code="a">Firenze</subfield>
    <subfield code="c"> &lt;Ducato&gt;</subfield>
    <subfield code="3">IT\ICCU\CNCT\005420</subfield>
  </datafield>
  <datafield tag="712" ind1="0" ind2="0">
    <subfield code="a">Torrentino, Lorenzo - eredi</subfield>
    <subfield code="3">IT\ICCU\CNCT\000014</subfield>
    <subfield code="4">650</subfield>
  </datafield>
  <datafield tag="791" ind1="0" ind2="2">
    <subfield code="a">Stamperia Ducale</subfield>
    <subfield code="3">IT\ICCU\CNCT\001550</subfield>
    <subfield code="z">Torrentino, Lorenzo - eredi</subfield>
  </datafield>
  <datafield tag="801" ind1=" " ind2="3">
    <subfield code="a">IT</subfield>
    <subfield code="b">ICCU</subfield>
    <subfield code="c">20201115</subfield>
  </datafield>
  <datafield tag="899" ind1=" " ind2=" ">
    <subfield code="a">Biblioteca nazionale centrale. Firenze</subfield>
    <subfield code="1">FI0098</subfield>
    <subfield code="2">CFI CF</subfield>
  </datafield>
  <datafield tag="899" ind1=" " ind2=" ">
    <subfield code="a">Biblioteca civica. Padova</subfield>
    <subfield code="1">PD0090</subfield>
    <subfield code="2">PUV 55</subfield>
  </datafield>
  <datafield tag="911" ind1=" " ind2=" ">
    <subfield code="a">Sul front.</subfield>
    <subfield code="9">IT\ICCU\CNCM\001558</subfield>
  </datafield>
  <datafield tag="921" ind1=" " ind2=" ">
    <subfield code="a">IT\ICCU\CNCM\001558</subfield>
    <subfield code="b">Stemma dei Medici sormontato da corona. In cornice.</subfield>
    <subfield code="c">U454</subfield>
    <subfield code="d">Dimensioni: 3 x 4</subfield>
    <subfield code="f">STEMMA</subfield>
    <subfield code="g">1558-[1569]</subfield>
  </datafield>
</record>
</collection>
